<record><leader>00000cas a22000007a 4500</leader><controlfield tag="001">13431346</controlfield><controlfield tag="008">860414d19091909nvuwr ne      0    0eng d</controlfield><datafield ind1=" " ind2=" " tag="010"><subfield code="a">sn 86091311 </subfield></datafield><datafield ind1=" " ind2=" " tag="040"><subfield code="a">UNP</subfield><subfield code="b">eng</subfield><subfield code="c">UNP</subfield><subfield code="d">NNX</subfield><subfield code="d">OCLCQ</subfield></datafield><datafield ind1=" " ind2=" " tag="042"><subfield code="a">msc</subfield></datafield><datafield ind1=" " ind2=" " tag="043"><subfield code="a">n-us-nv</subfield></datafield><datafield ind1=" " ind2="4" tag="050"><subfield code="a">AN2.N3</subfield><subfield code="b">L82</subfield></datafield><datafield ind1="0" ind2="0" tag="245"><subfield code="a">Luckyboy mining record.</subfield></datafield><datafield ind1="3" ind2=" " tag="246"><subfield code="a">Lucky boy mining record</subfield></datafield><datafield ind1=" " ind2=" " tag="260"><subfield code="a">Luckyboy, Nev. :</subfield><subfield code="b">G.T. Russell and G.T. Russell,</subfield><subfield code="c">1909.</subfield></datafield><datafield ind1=" " ind2=" " tag="300"><subfield code="a">2 v.</subfield></datafield><datafield ind1=" " ind2=" " tag="310"><subfield code="a">Weekly</subfield></datafield><datafield ind1="0" ind2=" " tag="362"><subfield code="a">Vol. 1, no. 49 (June 10, 1909)-v. 1 [i.e. 2], no. 14 [i.e. 10] (Sept. 17, 1909).</subfield></datafield><datafield ind1=" " ind2=" " tag="515"><subfield code="a">Vol. 2, nos. 8-10 incorrectly numbered v. 1, nos. 12-14.</subfield></datafield><datafield ind1=" " ind2="0" tag="651"><subfield code="a">Luckyboy (Nev.)</subfield><subfield code="v">Newspapers.</subfield></datafield><datafield ind1=" " ind2=" " tag="752"><subfield code="a">United States</subfield><subfield code="b">Nevada</subfield><subfield code="c">Esmeralda</subfield><subfield code="d">Luckyboy.</subfield></datafield><datafield ind1=" " ind2=" " tag="752"><subfield code="a">United States</subfield><subfield code="b">Nevada</subfield><subfield code="c">Mineral</subfield><subfield code="d">Luckyboy.</subfield></datafield><datafield ind1="0" ind2="0" tag="780"><subfield code="t">Walker Lake mining record</subfield></datafield><datafield ind1="1" ind2=" " tag="029"><subfield code="a">AU@</subfield><subfield code="b">000024500496</subfield></datafield></record>